<record><leader>00000cas a2200000 a 4500</leader><controlfield tag="001">12905188</controlfield><controlfield tag="008">851213c197u9999nyudn ne      0   a0eng c</controlfield><datafield ind1=" " ind2=" " tag="010"><subfield code="a">sn 85058356 </subfield></datafield><datafield ind1=" " ind2=" " tag="040"><subfield code="a">XQM</subfield><subfield code="b">eng</subfield><subfield code="c">XQM</subfield><subfield code="d">UNP</subfield><subfield code="d">DLC</subfield><subfield code="d">HUL</subfield><subfield code="d">NSD</subfield><subfield code="d">HUL</subfield><subfield code="d">OCL</subfield><subfield code="d">NPH</subfield><subfield code="d">NSD</subfield><subfield code="d">NVF</subfield><subfield code="d">OCL</subfield><subfield code="d">OCLCQ</subfield><subfield code="d">NCECU</subfield><subfield code="d">OCLCQ</subfield><subfield code="d">OCLCF</subfield><subfield code="d">OCLCO</subfield></datafield><datafield ind1=" " ind2=" " tag="012"><subfield code="b">3</subfield><subfield code="j">0</subfield><subfield code="l">1</subfield><subfield code="m">X</subfield></datafield><datafield ind1=" " ind2=" " tag="019"><subfield code="a">17800402</subfield><subfield code="a">990412420</subfield></datafield><datafield ind1="1" ind2=" " tag="022"><subfield code="a">0893-3685</subfield><subfield code="l">0893-3685</subfield><subfield code="2">1</subfield></datafield><datafield ind1="1" ind2=" " tag="029"><subfield code="a">NLGGC</subfield><subfield code="b">115901434</subfield></datafield><datafield ind1="1" ind2=" " tag="029"><subfield code="a">AU@</subfield><subfield code="b">000044352359</subfield></datafield><datafield ind1=" " ind2=" " tag="032"><subfield code="a">002470</subfield><subfield code="b">USPS</subfield></datafield><datafield ind1=" " ind2=" " tag="037"><subfield code="b">Korea Herald, P.O. Box 312, Hartsdale, NY 10530</subfield></datafield><datafield ind1=" " ind2=" " tag="042"><subfield code="a">pcc</subfield><subfield code="a">nsdp</subfield></datafield><datafield ind1=" " ind2=" " tag="043"><subfield code="a">a-ko---</subfield></datafield><datafield ind1="0" ind2=" " tag="130"><subfield code="a">Korea herald (New York, N.Y.)</subfield></datafield><datafield ind1=" " ind2="4" tag="222"><subfield code="a">The Korea herald</subfield><subfield code="b">(U.S. ed.)</subfield></datafield><datafield ind1="1" ind2="4" tag="245"><subfield code="a">The Korea herald.</subfield></datafield><datafield ind1="3" ind2="0" tag="246"><subfield code="a">Korea Herald, International edition</subfield></datafield><datafield ind1=" " ind2=" " tag="250"><subfield code="a">United States ed.</subfield></datafield><datafield ind1=" " ind2=" " tag="260"><subfield code="a">New York :</subfield><subfield code="b">Korea Herald</subfield></datafield><datafield ind1=" " ind2=" " tag="300"><subfield code="a">v.</subfield></datafield><datafield ind1=" " ind2=" " tag="310"><subfield code="a">Daily (except Monday)</subfield></datafield><datafield ind1=" " ind2=" " tag="521"><subfield code="a">"Korea's only English daily for American businesses."</subfield></datafield><datafield ind1=" " ind2=" " tag="580"><subfield code="a">Korea ed.: Korea herald, &lt;1986&gt;-</subfield></datafield><datafield ind1=" " ind2=" " tag="588"><subfield code="a">Description based on: No. 10,223 (July 3, 1986).</subfield></datafield><datafield ind1=" " ind2=" " tag="588"><subfield code="a">Latest issue consulted: No. 10,423 (Friday, Feb. 27, 1987) (surrogate).</subfield></datafield><datafield ind1=" " ind2="0" tag="651"><subfield code="a">Korea (South)</subfield><subfield code="v">Newspapers.</subfield></datafield><datafield ind1=" " ind2="7" tag="655"><subfield code="a">Newspapers.</subfield><subfield code="2">fast</subfield><subfield code="0">(OCoLC)fst01423814</subfield></datafield><datafield ind1=" " ind2="7" tag="651"><subfield code="a">Korea (South)</subfield><subfield code="2">fast</subfield><subfield code="0">(OCoLC)fst01206791</subfield></datafield><datafield ind1=" " ind2=" " tag="752"><subfield code="a">United States</subfield><subfield code="b">New York</subfield><subfield code="c">New York</subfield><subfield code="d">New York.</subfield></datafield><datafield ind1="1" ind2=" " tag="775"><subfield code="t">Korea herald</subfield><subfield code="w">(DLC)sn 85060407</subfield><subfield code="w">(OCoLC)1781426</subfield></datafield></record>